@online{gpu25,
title = {25 GPUs devour password hashes at up to 348 billion per second - \url{http://www.zdnet.com/article/25-gpus-devour-password-hashes-at-up-to-348-billion-per-second}},
author = {ZDNet},
year = {2012},
}

@online{issue1,
title = {Truecrypt 7 Derived Code/Windows: Incorrect Impersonation Token Handling EoP - \url{https://bugs.chromium.org/p/project-zero/issues/detail?id=537}},
author = {Forshaw, James},
year = {2015},
}

@online{issue2,
title = {Truecrypt 7 Derived Code/Windows: Drive Letter Symbolic Link Creation EoP - \url{https://bugs.chromium.org/p/project-zero/issues/detail?id=538}},
author = {Forshaw, James},
year = {2015},
}

@online{dictionaries,
title = {Slovn√≠ky s heslami - \url{https://wiki.skullsecurity.org/Passwords}},
author = {Bowes, Ron},
year = {2015},
}

@inproceedings{Kuo:2006:HSM:1143120.1143129,
 author = {Kuo, Cynthia and Romanosky, Sasha and Cranor, Lorrie Faith},
 title = {Human Selection of Mnemonic Phrase-based Passwords},
 booktitle = {Proceedings of the Second Symposium on Usable Privacy and Security},
 series = {SOUPS '06},
 year = {2006},
 isbn = {1-59593-448-0},
 location = {Pittsburgh, Pennsylvania, USA},
 pages = {67--78},
 numpages = {12},
 url = {http://doi.acm.org/10.1145/1143120.1143129},
 doi = {10.1145/1143120.1143129},
 acmid = {1143129},
 publisher = {ACM},
 address = {New York, NY, USA},
 keywords = {mnemonic phrases, password cracking, password selection, user studies},
} 

@article{spafford1992observing,
  title={Observing reusable password choices},
  author={Spafford, Eugene H},
  year={1992}
}

@online{dictionaries,
title = {Choosing Secure Passwords- \url{https://www.schneier.com/blog/archives/2014/03/choosing_secure_1.html}},
author = {Schneier, Bruce},
year = {2016},
}

@inproceedings{Malone:2012:IDP:2187836.2187878,
 author = {Malone, David and Maher, Kevin},
 title = {Investigating the Distribution of Password Choices},
 booktitle = {Proceedings of the 21st International Conference on World Wide Web},
 series = {WWW '12},
 year = {2012},
 isbn = {978-1-4503-1229-5},
 location = {Lyon, France},
 pages = {301--310},
 numpages = {10},
 url = {http://doi.acm.org/10.1145/2187836.2187878},
 doi = {10.1145/2187836.2187878},
 acmid = {2187878},
 publisher = {ACM},
 address = {New York, NY, USA},
 keywords = {dictionary attack, distribution, passwords, zipf},
} 

@INPROCEEDINGS{1013839, 
author={E. F. Gehringer}, 
booktitle={Technology and Society, 2002. (ISTAS'02). 2002 International Symposium on}, 
title={Choosing passwords: security and human factors}, 
year={2002}, 
pages={369-373}, 
keywords={authorisation;human factors;human factors;password choice;security;Computer science;Computer security;Dictionaries;Human factors;Information security;Information systems;Modems;Protection;Testing;Voice mail}, 
doi={10.1109/ISTAS.2002.1013839}, 
month={},}

@article{delebecque1981optimal,
  title={Optimal control of Markov chains admitting strong and weak interactions},
  author={Delebecque, Fran{\c{c}}ois and Quadrat, Jean-Pierre},
  journal={Automatica},
  volume={17},
  number={2},
  pages={281--296},
  year={1981},
  publisher={Elsevier}
}

@article{marechal2008advances,
  title={Advances in password cracking},
  author={Marechal, Simon},
  journal={Journal in computer virology},
  volume={4},
  number={1},
  pages={73--81},
  year={2008},
  publisher={Springer}
}

@article{DBLP:journals/corr/HanWC14,
  author    = {Aaron L. F. Han and
               Derek F. Wong and
               Lidia S. Chao},
  title     = {Password Cracking and Countermeasures in Computer Security: {A} Survey},
  journal   = {CoRR},
  volume    = {abs/1411.7803},
  year      = {2014},
  url       = {http://arxiv.org/abs/1411.7803},
  timestamp = {Mon, 01 Dec 2014 14:32:13 +0100},
  biburl    = {http://dblp.uni-trier.de/rec/bib/journals/corr/HanWC14},
  bibsource = {dblp computer science bibliography, http://dblp.org}
}

@article{Bergadano:1998:HDC:290163.290164,
 author = {Bergadano, Francesco and Crispo, Bruno and Ruffo, Giancarlo},
 title = {High Dictionary Compression for Proactive Password Checking},
 journal = {ACM Trans. Inf. Syst. Secur.},
 issue_date = {Nov. 1998},
 volume = {1},
 number = {1},
 month = nov,
 year = {1998},
 issn = {1094-9224},
 pages = {3--25},
 numpages = {23},
 url = {http://doi.acm.org/10.1145/290163.290164},
 doi = {10.1145/290163.290164},
 acmid = {290164},
 publisher = {ACM},
 address = {New York, NY, USA},
 keywords = {access control, decision trees, password selection, proactive password checking},
} 